<?xml version="1.0" encoding="UTF-8"?><record xmlns="http://www.loc.gov/MARC21/slim" xmlns:cinclude="http://apache.org/cocoon/include/1.0" xmlns:zs="http://www.loc.gov/zing/srw/">
  <leader>00563cz  a2200157n  4500</leader>
  <controlfield tag="001">n 2011003586</controlfield>
  <controlfield tag="003">DLC</controlfield>
  <controlfield tag="005">20130327081259.0</controlfield>
  <controlfield tag="008">110118n| azannaabn          |a aaa      </controlfield>
  <datafield tag="010" ind1=" " ind2=" ">
    <subfield code="a">n 2011003586</subfield>
  </datafield>
  <datafield tag="040" ind1=" " ind2=" ">
    <subfield code="a">DLC</subfield>
    <subfield code="b">eng</subfield>
    <subfield code="e">rda</subfield>
    <subfield code="c">DLC</subfield>
    <subfield code="d">DLC</subfield>
  </datafield>
  <datafield tag="046" ind1=" " ind2=" ">
    <subfield code="g">1886</subfield>
  </datafield>
  <datafield tag="100" ind1="1" ind2=" ">
    <subfield code="a">Lee, Francis L.,</subfield>
    <subfield code="d">-1886</subfield>
  </datafield>
  <datafield tag="400" ind1="1" ind2=" ">
    <subfield code="w">nnea</subfield>
    <subfield code="a">Lee, Francis L.,</subfield>
    <subfield code="d">d. 1886</subfield>
  </datafield>
  <datafield tag="670" ind1=" " ind2=" ">
    <subfield code="a">Forty fourth regiment quickstep:</subfield>
    <subfield code="b">cover (PAE sheet music; Col. Francis L. Lee)</subfield>
  </datafield>
  <datafield tag="670" ind1=" " ind2=" ">
    <subfield code="a">American Civil War Research Database website, Jan. 18, 2011</subfield>
    <subfield code="b">(Francis L. Lee; d. Sept 2, 1886; colonel, 44th Mass. Infantry)</subfield>
  </datafield>
</record>